<?xml version="1.0" encoding="UTF-8"?><collection xmlns="http://www.loc.gov/MARC21/slim"><record><leader>00333nam--2200133-i-4500</leader><controlfield tag="001">000002513</controlfield><controlfield tag="002">20161230</controlfield><controlfield tag="005">20161230201025</controlfield><controlfield tag="008">060222s1000------------r-----000-0-eng-d</controlfield><datafield ind1=" " ind2=" " tag="100"><subfield code="a">Ball, John A</subfield></datafield><datafield ind1=" " ind2=" " tag="245"><subfield code="a">Algorithms for rpn calculators</subfield></datafield><datafield ind1=" " ind2=" " tag="260"><subfield code="a">New York, A Wiley-interscience Publ., 1978</subfield></datafield><datafield ind1=" " ind2=" " tag="490"><subfield code="a">Xii+330p</subfield></datafield><datafield ind1=" " ind2=" " tag="852"><subfield code="a">519.688</subfield></datafield></record></collection>